@book{kmeans_orig,
  title={{Least squares quantization in PCM}},
  author={Lloyd, Stuart P.},
  journal={IEEE Transactions on Information Theory},
  volume={28},
  number={2},
  pages={129â€“137},
  year={1982},
}

@inproceedings{yinyang_kmeans,
   Publisher = {JMLR Workshop and Conference Proceedings},
   title="Yinyang K-Means: A Drop-In Replacement of the Classic K-Means with Consistent Speedup",
   Author={Ding, Yufei and Zhao, Yue and Shen, Xipeng and Musuvathi, Madanlal and Mytkowicz, Todd},
   year="2015",
   Booktitle="Proceedings of the 32nd International Conference on Machine Learning (ICML-15)",
   Editor={David Blei and Francis Bach},
   pages="579-587",
   url="http://jmlr.org/proceedings/papers/v37/ding15.pdf"
   }

@article{top_framework,
 author = {Ding, Yufei and Shen, Xipeng and Musuvathi, Madanlal and Mytkowicz, Todd},
 title = {TOP: A Framework for Enabling Algorithmic Optimizations for Distance-related Problems},
 journal = {Proc. VLDB Endow.},
 issue_date = {June 2015},
 volume = {8},
 number = {10},
 month = jun,
 year = {2015},
 issn = {2150-8097},
 pages = {1046--1057},
 numpages = {12},
 url = {http://dx.doi.org/10.14778/2794367.2794374},
 doi = {10.14778/2794367.2794374},
 acmid = {2794374},
 publisher = {VLDB Endowment},
}

@ARTICLE{value_reuse_extended,
author={J. Huang and D. J. Lilja},
journal={IEEE Transactions on Computers},
title={Extending value reuse to basic blocks with compiler support},
year={2000},
volume={49},
number={4},
pages={331-347},
keywords={optimising compilers;program testing;software performance evaluation;SPEC benchmark programs;block history buffer;compiler optimizations;compiler support;function inlining;instruction level;instruction reuse;processor performance;simulation results;speculative execution;value prediction;Hardware;History;Optimizing compilers;Program processors;Registers;Testing},
doi={10.1109/12.844346},
ISSN={0018-9340},
month={Apr},}

@inproceedings{load_reuse_proceeding,
 author = {Bod\'{\i}k, Rastislav and Gupta, Rajiv and Soffa, Mary Lou},
 title = {Load-reuse Analysis: Design and Evaluation},
 booktitle = {Proceedings of the ACM SIGPLAN 1999 Conference on Programming Language Design and Implementation},
 series = {PLDI '99},
 year = {1999},
 isbn = {1-58113-094-5},
 location = {Atlanta, Georgia, USA},
 pages = {64--76},
 numpages = {13},
 url = {http://doi.acm.org/10.1145/301618.301643},
 doi = {10.1145/301618.301643},
 acmid = {301643},
 publisher = {ACM},
 address = {New York, NY, USA},
 keywords = {data-flow analysis, profile-guided optimizations, program representations, register promotion},
}

@INPROCEEDINGS{locality_block_reuse,
author={Jian Huang and D. J. Lilja},
booktitle={High-Performance Computer Architecture, 1999. Proceedings. Fifth International Symposium On},
title={Exploiting basic block value locality with block reuse},
year={1999},
pages={106-114},
keywords={buffer storage;instruction sets;parallel architectures;parallel programming;program compilers;software reusability;storage allocation;-O2 optimization level;4-way issue superscalar processor;GCC compiler;SPEC benchmark programs;SPEC programs;aggressive speculation;basic block reuse;basic block value locality;block history buffer;block reuse;coarser granularity;compiler support;execution time;instruction level;live register outputs;memory inputs;memory outputs;performance benefits;register inputs;value prediction;Accuracy;Computer aided instruction;Computer science;Ear;History;Optimizing compilers;Program processors;Registers;Testing},
doi={10.1109/HPCA.1999.744342},
month={Jan},}

@article{load_reuse_proceeding_article,
 author = {Bod\'{\i}k, Rastislav and Gupta, Rajiv and Soffa, Mary Lou},
 title = {Load-reuse Analysis: Design and Evaluation},
 journal = {SIGPLAN Not.},
 issue_date = {May 1999},
 volume = {34},
 number = {5},
 month = may,
 year = {1999},
 issn = {0362-1340},
 pages = {64--76},
 numpages = {13},
 url = {http://doi.acm.org/10.1145/301631.301643},
 doi = {10.1145/301631.301643},
 acmid = {301643},
 publisher = {ACM},
 address = {New York, NY, USA},
 keywords = {data-flow analysis, profile-guided optimizations, program representations, register promotion},
}

@inproceedings{auto_cache_opt,
 author = {Rus, Silvius and Ashok, Raksit and Li, David Xinliang},
 title = {Automated Locality Optimization Based on the Reuse Distance of String Operations},
 booktitle = {Proceedings of the 9th Annual IEEE/ACM International Symposium on Code Generation and Optimization},
 series = {CGO '11},
 year = {2011},
 isbn = {978-1-61284-356-8},
 pages = {181--190},
 numpages = {10},
 url = {http://dl.acm.org/citation.cfm?id=2190025.2190065},
 acmid = {2190065},
 publisher = {IEEE Computer Society},
 address = {Washington, DC, USA},
}

@inproceedings{kmeans++,
 author = {Arthur, David and Vassilvitskii, Sergei},
 title = {K-means++: The Advantages of Careful Seeding},
 booktitle = {Proceedings of the Eighteenth Annual ACM-SIAM Symposium on Discrete Algorithms},
 series = {SODA '07},
 year = {2007},
 isbn = {978-0-898716-24-5},
 location = {New Orleans, Louisiana},
 pages = {1027--1035},
 numpages = {9},
 url = {http://dl.acm.org/citation.cfm?id=1283383.1283494},
 acmid = {1283494},
 publisher = {Society for Industrial and Applied Mathematics},
 address = {Philadelphia, PA, USA},
}

@INPROCEEDINGS{drake,
    author = {Jonathan Drake and Greg Hamerly},
    title = {Accelerated k-means with adaptive distance bounds},
    booktitle = {in 5th NIPS Workshop on Optimization for Machine Learning. Dec 8th, 2012. Lake Tahoe},
    year = {}
}


@article{Czumaj,
 author = {Czumaj, Artur and Sohler, Christian},
 title = {Sublinear-time Approximation Algorithms for Clustering via Random Sampling},
 journal = {Random Struct. Algorithms},
 issue_date = {January 2007},
 volume = {30},
 number = {1-2},
 month = jan,
 year = {2007},
 issn = {1042-9832},
 pages = {257--286},
 numpages = {30},
 url = {http://dx.doi.org/10.1002/rsa.v30:1/2},
 doi = {10.1002/rsa.v30:1/2},
 acmid = {1192050},
 publisher = {John Wiley \& Sons, Inc.},
 address = {New York, NY, USA},
 keywords = {clustering, k-means, k-median, min-sum clustering, random sampling},
}

@inproceedings{Sculley,
 author = {Sculley, D.},
 title = {Web-scale K-means Clustering},
 booktitle = {Proceedings of the 19th International Conference on World Wide Web},
 series = {WWW '10},
 year = {2010},
 isbn = {978-1-60558-799-8},
 location = {Raleigh, North Carolina, USA},
 pages = {1177--1178},
 numpages = {2},
 url = {http://doi.acm.org/10.1145/1772690.1772862},
 doi = {10.1145/1772690.1772862},
 acmid = {1772862},
 publisher = {ACM},
 address = {New York, NY, USA},
 keywords = {scalability, sparse solutions, unsupervised clustering},
}

@INPROCEEDINGS{4270197,
author={J. Philbin and O. Chum and M. Isard and J. Sivic and A. Zisserman},
booktitle={2007 IEEE Conference on Computer Vision and Pattern Recognition},
title={Object retrieval with large vocabularies and fast spatial matching},
year={2007},
pages={1-8},
keywords={image matching;image retrieval;quantisation (signal);Web-scale image corpora;fast spatial matching;image-feature vocabulary;large vocabularies;large-scale object retrieval system;object retrieval;quantization method;query image;query object;query performance;scalable methods;spatial verification stage;Humans;Image retrieval;Information filtering;Information filters;Information retrieval;Large-scale systems;Quantization;Scalability;Silicon;Vocabulary},
doi={10.1109/CVPR.2007.383172},
ISSN={1063-6919},
month={June},
}

@article{Guha:1998:CEC:276305.276312,
 author = {Guha, Sudipto and Rastogi, Rajeev and Shim, Kyuseok},
 title = {CURE: An Efficient Clustering Algorithm for Large Databases},
 journal = {SIGMOD Rec.},
 issue_date = {June 1998},
 volume = {27},
 number = {2},
 month = jun,
 year = {1998},
 issn = {0163-5808},
 pages = {73--84},
 numpages = {12},
 url = {http://doi.acm.org/10.1145/276305.276312},
 doi = {10.1145/276305.276312},
 acmid = {276312},
 publisher = {ACM},
 address = {New York, NY, USA},
}

@inproceedings{Zeng:2012:FAK:2354409.2354758,
 author = {Zeng, Gang},
 title = {Fast Approximate K-means via Cluster Closures},
 booktitle = {Proceedings of the 2012 IEEE Conference on Computer Vision and Pattern Recognition (CVPR)},
 series = {CVPR '12},
 year = {2012},
 isbn = {978-1-4673-1226-4},
 pages = {3037--3044},
 numpages = {8},
 url = {http://dl.acm.org/citation.cfm?id=2354409.2354758},
 acmid = {2354758},
 publisher = {IEEE Computer Society},
 address = {Washington, DC, USA},
 keywords = {Clustering algorithms,Vegetation,Image retrieval,Visualization,Complexity theory,Algorithm design and analysis,Instruction sets},
}

@inproceedings{Pelleg:1999:AEK:312129.312248,
 author = {Pelleg, Dan and Moore, Andrew},
 title = {Accelerating Exact K-means Algorithms with Geometric Reasoning},
 booktitle = {Proceedings of the Fifth ACM SIGKDD International Conference on Knowledge Discovery and Data Mining},
 series = {KDD '99},
 year = {1999},
 isbn = {1-58113-143-7},
 location = {San Diego, California, USA},
 pages = {277--281},
 numpages = {5},
 url = {http://doi.acm.org/10.1145/312129.312248},
 doi = {10.1145/312129.312248},
 acmid = {312248},
 publisher = {ACM},
 address = {New York, NY, USA},
}

@article{Kanungo:2002:EKC:628329.628801,
 author = {Kanungo, Tapas and Mount, David M. and Netanyahu, Nathan S. and Piatko, Christine D. and Silverman, Ruth and Wu, Angela Y.},
 title = {An Efficient k-Means Clustering Algorithm: Analysis and Implementation},
 journal = {IEEE Trans. Pattern Anal. Mach. Intell.},
 issue_date = {July 2002},
 volume = {24},
 number = {7},
 month = jul,
 year = {2002},
 issn = {0162-8828},
 pages = {881--892},
 numpages = {12},
 url = {http://dx.doi.org/10.1109/TPAMI.2002.1017616},
 doi = {10.1109/TPAMI.2002.1017616},
 acmid = {628801},
 publisher = {IEEE Computer Society},
 address = {Washington, DC, USA},
 keywords = {Pattern recognition, machine learning, data mining, k-means clustering, nearest-neighbor searching, k-d tree, computational geometry, knowledge discovery.},
}

@article{kmens_parellel,
 author = {Bahmani, Bahman and Moseley, Benjamin and Vattani, Andrea and Kumar, Ravi and Vassilvitskii, Sergei},
 title = {Scalable K-means++},
 journal = {Proc. VLDB Endow.},
 issue_date = {March 2012},
 volume = {5},
 number = {7},
 month = mar,
 year = {2012},
 issn = {2150-8097},
 pages = {622--633},
 numpages = {12},
 url = {http://dx.doi.org/10.14778/2180912.2180915},
 doi = {10.14778/2180912.2180915},
 acmid = {2180915},
 publisher = {VLDB Endowment},
}

@article{approx_meth,
  title={Sublinear-time approximation algorithms for clustering via random sampling},
  author={Czumaj, Artur and Sohler, Christian},
  journal={Random Structures \& Algorithms},
  volume={30},
  number={1-2},
  pages={226--256},
  year={2007},
  publisher={Wiley Online Library}
}


@inproceedings{sgd_svm,
 author = {Zhang, Tong},
 title = {Solving Large Scale Linear Prediction Problems Using Stochastic Gradient Descent Algorithms},
 booktitle = {Proceedings of the Twenty-first International Conference on Machine Learning},
 series = {ICML '04},
 year = {2004},
 isbn = {1-58113-838-5},
 location = {Banff, Alberta, Canada},
 pages = {116--},
 url = {http://doi.acm.org/10.1145/1015330.1015332},
 doi = {10.1145/1015330.1015332},
 acmid = {1015332},
 publisher = {ACM},
 address = {New York, NY, USA},
}

@article{welch_test,
author = {WELCH, B. L.}, 
title = {THE GENERALIZATION OF â€˜STUDENT'Sâ€™ PROBLEM WHEN SEVERAL DIFFERENT POPULATION VARLANCES ARE INVOLVED},
volume = {34}, 
number = {1-2}, 
pages = {28-35}, 
year = {1947}, 
doi = {10.1093/biomet/34.1-2.28}, 
URL = {http://biomet.oxfordjournals.org/content/34/1-2/28.short}, 
eprint = {http://biomet.oxfordjournals.org/content/34/1-2/28.full.pdf+html}, 
journal = {Biometrika} 
}

@INPROCEEDINGS{pca,
author={F. Song and Z. Guo and D. Mei},
booktitle={System Science, Engineering Design and Manufacturing Informatization (ICSEM), 2010 International Conference on},
title={Feature Selection Using Principal Component Analysis},
year={2010},
volume={1},
pages={27-30},
keywords={covariance matrices;eigenvalues and eigenfunctions;face recognition;feature extraction;principal component analysis;transforms;computer science;covariance matrix;eigenvector;face recognition;feature selection;numerical analysis;principal component analysis;transform method;Databases;Face;Face recognition;Feature extraction;Principal component analysis;Transforms;face recognition;feature selection;principal component analysis},
doi={10.1109/ICSEM.2010.14},
month={Nov},}

@inproceedings{non_uniform_hist_1,
 author = {Devroye, Luc},
 title = {Sample-based Non-uniform Random Variate Generation},
 booktitle = {Proceedings of the 18th Conference on Winter Simulation},
 series = {WSC '86},
 year = {1986},
 isbn = {0-911801-11-1},
 location = {Washington, D.C., USA},
 pages = {260--265},
 numpages = {6},
 url = {http://doi.acm.org/10.1145/318242.318443},
 doi = {10.1145/318242.318443},
 acmid = {318443},
 publisher = {ACM},
 address = {New York, NY, USA},
}

@INPROCEEDINGS{non_uniform_hist_2,
author={F. Porikli},
booktitle={2005 IEEE Computer Society Conference on Computer Vision and Pattern Recognition (CVPR'05)},
title={Integral histogram: a fast way to extract histograms in Cartesian spaces},
year={2005},
volume={1},
pages={829-836 vol. 1},
keywords={image processing;search problems;statistical analysis;Cartesian data spaces;data dimensions;exhaustive search process;histogram extraction;image retrieval;integral histogram;nonuniform bin formation;real-time search process;spatial arrangement;uniform bin formation},
doi={10.1109/CVPR.2005.188},
ISSN={1063-6919},
month={June},}

@MISC{Elkan03usingthe,
    author = {Charles Elkan},
    title = {Using the Triangle Inequality to Accelerate k-Means},
    year = {2003}
}

@misc{pca_visual,
  key   = "pca_visual",
  title = {{Prinipal Component Analysis}},
  url = "http://setosa.io/ev/principal-component-analysis/",
}


@misc{uci_machine_repo,
author = "M. Lichman",
year = "2013",
title = "{UCI} Machine Learning Repository",
url = "http://archive.ics.uci.edu/ml",
institution = "University of California, Irvine, School of Information and Computer Sciences" 
}

@Misc{boost_graph,
  author = {Jeremy Siek and Lie-Quan Lee and Andrew Lumsdaine},
  title = {Boost Random Number Library},
  howpublished = {http://www.boost.org/libs/graph/},
  month = {June},
  year = 2000
}

@article{opencv_library,
    author = {Bradski, G.},
    citeulike-article-id = {2236121},
    journal = {Dr. Dobb's Journal of Software Tools},
    keywords = {bibtex-import},
    posted-at = {2008-01-15 19:21:54},
    priority = {4},
    title = {OpenCV Library},
    year = {2000}
}

@manual{opencv_manual,
  title = {The OpenCV Reference Manual},
  organization = {Itseez},
  edition = {2.4.9.0},
  month = {April},
  year = {2014},
  notes = {See \url{http://opencv.org/}}
  }

